@article{MAIN,
   author = {Von Daniels Nikolaus and Hinze Michael and Vierling Morten},
   title = {Crank-Nicolson time stepping and variational discretization of control-constrained parabolic optimal control problems},
   journaltitle = {SIAM J. Control and Optimization},
   pages = {1182–1198},
   year = {March 6, 2015},
   volume  = {53(3)},
}
@article{MV11,
author = {Meidner, Dominik and Vexler, Boris},
number = {5},
pages = {2183--2211},
title = {A priori error analysis of the Petrov Galerkin Crank Nicolson scheme for parabolic optimal control problems},
volume = {49},
year = {2011}
}

@article{Ran84,
author = {Rannacher, Roll},
pages = {309--327},
title = {{Numerische MathemaUk Finite Element Solution of Diffusion Problems with Irregular Data}},
volume = {327},
year = {1984}
}

@article{Hin05,
   author = {Hinze, M.},
doi = {10.1007/s10589-005-4559-5},
journal = {Computational Optimization and Applications},
number = {1},
pages = {45--61},
title = {{A variational discretization concept in control constrained optimization: The linear-quadratic case}},
volume = {30},
year = {2005}
}

@article{HV12,
   author = {Michael Hinze and Morten Vierling},
   doi = {10.1080/10556788.2012.676046},
number = {March 2016},
title = {{The semi-smooth Newton method for variationally discretized control constrained elliptic optimal control problems ; Implementation , convergence and globalization A globalized semi-smooth Newton method for variational discretization of control constrained}},
year = {2012}
}

@book{QUART,
	author = {Alfio Quarteroni},
	title = {Modellistica Numerica per Problemi Differenziali},
	publisher = {Springer Science and Business Media},
	year = {30 luglio 2013},
}
@article{Bergounioux1999,
author = {Bergounioux, Ma{\"{i}}tine and Ito, Kazufumi and Kunisch, Karl},
doi = {10.1137/S0363012997328609},
issn = {0363-0129},
journal = {SIAM Journal on Control and Optimization},
number = {4},
pages = {1176--1194},
title = {{Primal-Dual Strategy for Constrained Optimal Control Problems}},
volume = {37},
year = {1999}
}
@article{Brakerski2014,
author = {Brakerski, Zvika and Vaikuntanathan, Vinod},
keywords = {10,1137,120868669,68p25,94a60,ams subject classifications,cryptology,doi,errors,fully homomorphic encryption,learning with,private information retrieval,public-key encryption},
number = {2},
pages = {831--871},
title = {{Downloaded 03 / 29 / 16 to 131 . 180 . 145 . 249 . Redistribution subject to SIAM license or copyright ; see http://www.siam.org/journals/ojsa.php}},
volume = {43},
year = {2014}
}
@article{Cai1997,
author = {Cai, Z and Manteuffel, T A and Mccormick, S F},
journal = {SIAM Journal on Numerical Analysis},
keywords = {Stokes equations,least squares,multigrid},
number = {5},
pages = {1727--1741},
title = {{Downloaded 01 / 18 / 16 to 131 . 94 . 117 . 94 . Redistribution subject to SIAM license or copyright ; see http://www.siam.org/journals/ojsa.php}},
volume = {34},
year = {1997}
}
%@article{Daniels2014,
%archivePrefix = {arXiv},
%arxivId = {arXiv:1403.3010v1},
%author = {Daniels, Nikolaus Von and Hinze, Michael and Mar, O C},
%eprint = {arXiv:1403.3010v1},
%file = {:Users/Claudia/Documents/Universita/Corsi/03.ANEDP/Progetto/Project Documents/00{\_}Main.pdf:pdf},
%keywords = {control constraints,crank-nicolson time stepping,error,estimates,heat equation,optimal control,variational control discretization},
%pages = {1--15},
%title = {{Crank-Nicolson time stepping and variational discretization of control-constrained parabolic optimal control problems}},
%year = {2014}
%}

@article{Opfer2011,
archivePrefix = {arXiv},
arxivId = {arXiv:1101.1385v1},
author = {Opfer, Gerhard},
journal = {SciencesNew York},
number = {9},
pages = {22},
title = {{Hamburger Beitrage}},
url = {http://www.math.uni-hamburg.de/research/papers/hbam/hbam2000a154.ps.gz},
volume = {2011},
year = {2011}
}
@article{Ran84,
author = {Rannacher, Roll},
pages = {309--327},
title = {{Numerische MathemaUk Finite Element Solution of Diffusion Problems with Irregular Data}},
volume = {327},
year = {1984}
}
@article{Ulbrich2002,
author = {Ulbrich, M},
journal = {Convergence},
number = {February},
title = {{Nonsmooth Newton-like methods for variational inequalities and constrained optimization problems in function spaces}},
url = {http://www-m1.ma.tum.de/foswiki/pub/M1/Lehrstuhl/PublikationenUlbrich/Habil.pdf},
year = {2002}
}
@article{Vierling2014,
author = {Vierling, Morten},
doi = {10.4171/IFB/316},
issn = {14639963},
journal = {Interfaces and Free Boundaries},
number = {2},
pages = {137--173},
title = {{Parabolic optimal control problems on evolving surfaces subject to point-wise box constraints on the control - Theory and numerical realization}},
volume = {16},
year = {2014}
}
@article{Seymen2014,
author = {Seymen, Z Kanar and Y{\"{u}}cel, H and Karas{\"{o}}zen, B},
pages = {146--157},
title = {{Journal of Computational and Applied Distributed optimal control of time-dependent diffusion – convection – reaction equations using space – time discretization}},
volume = {261},
year = {2014}
}
@article{Hinze2009,
archivePrefix = {arXiv},
arxivId = {arXiv:0912.0488v1},
author = {Hinze, Michael and Vierling, Morten},
eprint = {arXiv:0912.0488v1},
pages = {1--14},
title = {{constrained optimization with control constraints arXiv : 0912 . 0488v1 [ math . OC ] 2 Dec 2009}},
year = {2009}
}
@article{Becker2008,
author = {Becker, Roland and Meidner, Dominik and Vexler, Boris},
journal = {Optimisation Methods and Software},
number = {5},
pages = {813--833},
title = {{Efficient numerical solution of parabolic optimization problems by finite element methods}},
url = {http://www.tandfonline.com/doi/abs/10.1080/10556780701228532$\backslash$npapers3://publication/doi/10.1080/10556780701228532},
volume = {22},
year = {2008}
}
@article{Benner2006,
author = {Benner, P. and G{\"{o}}rner, S. and Saak, J.},
doi = {10.1007/3-540-33541-2_9},
isbn = {9783540335399},
issn = {14397358},
journal = {Lecture Notes in Computational Science and Engineering},
number = {1},
pages = {151--169},
title = {{Numerical Solution of Optimal Control Problems for Parabolic Systems}},
volume = {52},
year = {2006}
}
@article{Hecht2014,
author = {Hecht, F and Piro, O and Hyaric, A Le},
title = {{Freefem++}},
url = {http://citeseerx.ist.psu.edu/viewdoc/download?doi=10.1.1.473.9905{\&}rep=rep1{\&}type=pdf},
year = {2014}
}
@article{Hinze2010,
author = {Hinze, Michael and Vierling, Morten},
pages = {1--12},
title = {{A globalized semi-smooth Newton method for variational discretization of control constrained elliptic optimal control problems}},
year = {2010}
}
@article{Kunisch2007,
author = {Kunisch, K. and Vexler, B.},
doi = {10.1137/060670110},
issn = {0363-0129},
journal = {SIAM Journal on Control and Optimization},
number = {5},
pages = {1726--1753},
title = {{Constrained Dirichlet Boundary Control in {\$}L{\^{}}2{\$} for a Class of Evolution Equations}},
url = {http://epubs.siam.org/doi/abs/10.1137/060670110},
volume = {46},
year = {2007}
}
@article{Graeser2009,
author = {Graeser, Carsten and Kornhuber, Ralf},
doi = {10.1137/060671012},
issn = {0036-1429},
journal = {SIAM Journal on Numerical Analysis},
number = {2},
pages = {1251--1273},
title = {{Nonsmooth Newton Methods for Set-Valued Saddle Point Problems}},
volume = {47},
year = {2009}
}
@article{Melorose2015,
archivePrefix = {arXiv},
arxivId = {arXiv:1011.1669v3},
author = {Melorose, J. and Perroy, R. and Careas, S.},
doi = {10.1017/CBO9781107415324.004},
isbn = {9788578110796},
issn = {1098-6596},
journal = {Statewide Agricultural Land Use Baseline 2015},
title = {{No Title No Title}},
volume = {1},
year = {2015}
}
@book{Vanderplaats1995,
author = {Vanderplaats, G.N.},
booktitle = {International ADAMS user conference},
doi = {10.1007/BF01068601},
isbn = {0387987932},
issn = {0011-4235},
pages = {636},
pmid = {21384397},
title = {{Numerical optimization}},
url = {https://books.google.com/books?id=epc5fX0lqRIC{\&}pgis=1},
year = {1995}
}
